@book{cocoa,
  title={{Learning Cocoa with Objective-C,Second Edition}},
  author={J. D. Davidson and Apple Computer, Inc.},
  year={2002},
  publisher={O'Reilly Media, Inc.},
  address={1005 Gravenstein Highway North, Sebastopol, CA 95472}
}
@book{objectivecandgnustep,
  title={{Objective-C Language and GNUstep Base Library Programming Manual}},
  author={F. Botto, R. Frith-Macdonald, N. Pero and A. Robert},
  url={http://andrewd.ces.clemson.edu/courses/cpsc102/notes/GNUStep-manual.pdf},
  year={2001-2004},
  publisher={Free Software Foundation}
}

@misc{swift,
title = {{Swift}},
note = {on-line at: \url{https://swift.org}},
    author = {Apple Inc.},
    year = {2019}
}

@misc{gcc,
title = {{GNU gcc}},
note = {on-line at: \url{http://gcc.gnu.org/}},
    author = {Free Software Foundation},
    year = {2013}
}


@misc{gnustep,
title = {{GNUstep}},
note = {on-line at: \url{http://www.gnustep.org/}},
    author = {Free Software Foundation},
    year = {2019}
}
@misc{smalltalk,
title = {{GNU Smalltalk}},
note = {on-line at: \url{http://smalltalk.org/}},
    author = {Free Software Foundation},
    year = {2015}
}

@misc{gorm,
title = {{Gorm}},
note = {on-line at: http://www.gnustep.org/experience/Gorm.html}},
    author = {Free Software Foundation}
}

@misc{projectcenter,
title = {{ProjectCenter}},
note = {on-line at: http://www.gnustep.org/experience/ProjectCenter.html}},
    author = {Free Software Foundation}
}

@misc{etoile,
title = {{Etoile}},
note = {on-line at: http://etoileos.com/}},
    author = {Free Software Foundation}
}

@misc{tutorijali,
title = {{Tutorijali}},
note = {on-line at: \url{http://tutorialspoint.com/}}
}

@misc{mvc,
title = {{MVC}},
note = {on-line at: \url{http://developer.apple.com/}}
}
@misc{history,
title = {{Objective-C history}},
note = {on-line at: https://www.binpress.com/objective-c-history/}}
}
