
@book{objectivecandgnustep,
  title={{Objective-C Language and GNUstep Base Library Programming Manual}},
  author={F. Botto, R. Frith-Macdonald, N. Pero and A. Robert},
  url={http://andrewd.ces.clemson.edu/courses/cpsc102/notes/GNUStep-manual.pdf},
  year={2001-2004},
  publisher={Free Software Foundation}
}

@misc{swift,
title = {{Swift}},
note = {on-line at: \url{https://swift.org}},
    author = {Apple Inc.},
    year = {2019}
}

@misc{gcc,
title = {{GNU gcc}},
note = {on-line at: \url{http://gcc.gnu.org/}},
    author = {Free Software Foundation},
    year = {2013}
}


@misc{gnustep,
title = {{GNUstep}},
note = {on-line at: \url{http://www.gnustep.org/}},
    author = {Free Software Foundation},
    year = {2019}
}
@misc{smalltalk,
title = {{GNU Smalltalk}},
note = {on-line at: \url{http://smalltalk.org/}},
    author = {Free Software Foundation},
    year = {2015}
}

@article{haltingproblem,
    author = {Turing, A. M.},
    citeulike-article-id = {155758},
    journal = {Proceedings of the London Mathematical Society},
    keywords = {computability, entscheidungsproblem, turing},
    number = {42},
    pages = {230--265},
    posted-at = {2005-04-08 18:11:59},
    priority = {0},
    title = {{On Computable Numbers, with an application to the Entscheidungsproblem}},
    volume = {2},
    year = {1936}
}

